<?xml version="1.0" encoding="UTF-8"?><collection xmlns="http://www.loc.gov/MARC21/slim"><record><leader>00394nam--2200133-i-4500</leader><controlfield tag="001">000028936</controlfield><controlfield tag="002">20161230</controlfield><controlfield tag="005">20161230201037</controlfield><controlfield tag="008">060222s1000------------r-----000-0-eng-d</controlfield><datafield ind1=" " ind2=" " tag="080"><subfield code="a">511.336(043)</subfield></datafield><datafield ind1=" " ind2=" " tag="100"><subfield code="a">La Borde, Marc</subfield></datafield><datafield ind1=" " ind2=" " tag="245"><subfield code="a">Les sommes trigonometriques de chen et les poids de buchstab en theorie du crible.these</subfield></datafield><datafield ind1=" " ind2=" " tag="260"><subfield code="a">Paris,L`Universite De Paris-sud, 1978. 49p</subfield></datafield><datafield ind1=" " ind2=" " tag="852"><subfield code="a">46835</subfield></datafield></record></collection>